%YAML 1.1
%TAG !u! tag:unity3d.com,2011:
--- !u!29 &1
OcclusionCullingSettings:
  m_ObjectHideFlags: 0
  serializedVersion: 2
  m_OcclusionBakeSettings:
    smallestOccluder: 5
    smallestHole: 0.25
    backfaceThreshold: 100
  m_SceneGUID: 00000000000000000000000000000000
  m_OcclusionCullingData: {fileID: 0}
--- !u!104 &2
RenderSettings:
  m_ObjectHideFlags: 0
  serializedVersion: 9
  m_Fog: 0
  m_FogColor: {r: 0.5, g: 0.5, b: 0.5, a: 1}
  m_FogMode: 3
  m_FogDensity: 0.01
  m_LinearFogStart: 0
  m_LinearFogEnd: 300
  m_AmbientSkyColor: {r: 0.212, g: 0.227, b: 0.259, a: 1}
  m_AmbientEquatorColor: {r: 0.114, g: 0.125, b: 0.133, a: 1}
  m_AmbientGroundColor: {r: 0.047, g: 0.043, b: 0.035, a: 1}
  m_AmbientIntensity: 1
  m_AmbientMode: 0
  m_SubtractiveShadowColor: {r: 0.42, g: 0.478, b: 0.627, a: 1}
  m_SkyboxMaterial: {fileID: 10304, guid: 0000000000000000f000000000000000, type: 0}
  m_HaloStrength: 0.5
  m_FlareStrength: 1
  m_FlareFadeSpeed: 3
  m_HaloTexture: {fileID: 0}
  m_SpotCookie: {fileID: 10001, guid: 0000000000000000e000000000000000, type: 0}
  m_DefaultReflectionMode: 0
  m_DefaultReflectionResolution: 128
  m_ReflectionBounces: 1
  m_ReflectionIntensity: 1
  m_CustomReflection: {fileID: 0}
  m_Sun: {fileID: 170076734}
  m_IndirectSpecularColor: {r: 0.44657898, g: 0.4964133, b: 0.5748178, a: 1}
  m_UseRadianceAmbientProbe: 0
--- !u!157 &3
LightmapSettings:
  m_ObjectHideFlags: 0
  serializedVersion: 11
  m_GIWorkflowMode: 0
  m_GISettings:
    serializedVersion: 2
    m_BounceScale: 1
    m_IndirectOutputScale: 1
    m_AlbedoBoost: 1
    m_EnvironmentLightingMode: 0
    m_EnableBakedLightmaps: 1
    m_EnableRealtimeLightmaps: 0
  m_LightmapEditorSettings:
    serializedVersion: 10
    m_Resolution: 2
    m_BakeResolution: 10
    m_AtlasSize: 512
    m_AO: 0
    m_AOMaxDistance: 1
    m_CompAOExponent: 1
    m_CompAOExponentDirect: 0
    m_Padding: 2
    m_LightmapParameters: {fileID: 0}
    m_LightmapsBakeMode: 1
    m_TextureCompression: 1
    m_FinalGather: 0
    m_FinalGatherFiltering: 1
    m_FinalGatherRayCount: 256
    m_ReflectionCompression: 2
    m_MixedBakeMode: 2
    m_BakeBackend: 1
    m_PVRSampling: 1
    m_PVRDirectSampleCount: 32
    m_PVRSampleCount: 256
    m_PVRBounces: 2
    m_PVRFilterTypeDirect: 0
    m_PVRFilterTypeIndirect: 0
    m_PVRFilterTypeAO: 0
    m_PVRFilteringMode: 1
    m_PVRCulling: 1
    m_PVRFilteringGaussRadiusDirect: 1
    m_PVRFilteringGaussRadiusIndirect: 5
    m_PVRFilteringGaussRadiusAO: 2
    m_PVRFilteringAtrousPositionSigmaDirect: 0.5
    m_PVRFilteringAtrousPositionSigmaIndirect: 2
    m_PVRFilteringAtrousPositionSigmaAO: 1
    m_ShowResolutionOverlay: 1
  m_LightingDataAsset: {fileID: 0}
  m_UseShadowmask: 1
--- !u!196 &4
NavMeshSettings:
  serializedVersion: 2
  m_ObjectHideFlags: 0
  m_BuildSettings:
    serializedVersion: 2
    agentTypeID: 0
    agentRadius: 0.5
    agentHeight: 2
    agentSlope: 45
    agentClimb: 0.4
    ledgeDropHeight: 0
    maxJumpAcrossDistance: 0
    minRegionArea: 2
    manualCellSize: 0
    cellSize: 0.16666667
    manualTileSize: 0
    tileSize: 256
    accuratePlacement: 0
    debug:
      m_Flags: 0
  m_NavMeshData: {fileID: 0}
--- !u!108 &170076734 stripped
Light:
  m_CorrespondingSourceObject: {fileID: 88344265623418883, guid: 7350a067f6816564f8ffecc5037decaa,
    type: 3}
  m_PrefabInstance: {fileID: 88344265453605437}
  m_PrefabAsset: {fileID: 0}
--- !u!4 &327904181 stripped
Transform:
  m_CorrespondingSourceObject: {fileID: 2409690826001422527, guid: 19c16ec867359cc40ac2596aaa21d668,
    type: 3}
  m_PrefabInstance: {fileID: 915762411}
  m_PrefabAsset: {fileID: 0}
--- !u!4 &379655977 stripped
Transform:
  m_CorrespondingSourceObject: {fileID: 2409690826001422527, guid: 19c16ec867359cc40ac2596aaa21d668,
    type: 3}
  m_PrefabInstance: {fileID: 1413776919}
  m_PrefabAsset: {fileID: 0}
--- !u!1001 &640580785
PrefabInstance:
  m_ObjectHideFlags: 0
  serializedVersion: 2
  m_Modification:
    m_TransformParent: {fileID: 1973455398}
    m_Modifications:
    - target: {fileID: 2409690826001422499, guid: 19c16ec867359cc40ac2596aaa21d668,
        type: 3}
      propertyPath: m_Name
      value: Obstacle (2)
      objectReference: {fileID: 0}
    - target: {fileID: 2409690826001422527, guid: 19c16ec867359cc40ac2596aaa21d668,
        type: 3}
      propertyPath: m_LocalPosition.x
      value: -44
      objectReference: {fileID: 0}
    - target: {fileID: 2409690826001422527, guid: 19c16ec867359cc40ac2596aaa21d668,
        type: 3}
      propertyPath: m_LocalPosition.y
      value: 14.3
      objectReference: {fileID: 0}
    - target: {fileID: 2409690826001422527, guid: 19c16ec867359cc40ac2596aaa21d668,
        type: 3}
      propertyPath: m_LocalPosition.z
      value: 0
      objectReference: {fileID: 0}
    - target: {fileID: 2409690826001422527, guid: 19c16ec867359cc40ac2596aaa21d668,
        type: 3}
      propertyPath: m_LocalRotation.x
      value: -0
      objectReference: {fileID: 0}
    - target: {fileID: 2409690826001422527, guid: 19c16ec867359cc40ac2596aaa21d668,
        type: 3}
      propertyPath: m_LocalRotation.y
      value: -0
      objectReference: {fileID: 0}
    - target: {fileID: 2409690826001422527, guid: 19c16ec867359cc40ac2596aaa21d668,
        type: 3}
      propertyPath: m_LocalRotation.z
      value: -0
      objectReference: {fileID: 0}
    - target: {fileID: 2409690826001422527, guid: 19c16ec867359cc40ac2596aaa21d668,
        type: 3}
      propertyPath: m_LocalRotation.w
      value: 1
      objectReference: {fileID: 0}
    - target: {fileID: 2409690826001422527, guid: 19c16ec867359cc40ac2596aaa21d668,
        type: 3}
      propertyPath: m_RootOrder
      value: 2
      objectReference: {fileID: 0}
    - target: {fileID: 2409690826001422527, guid: 19c16ec867359cc40ac2596aaa21d668,
        type: 3}
      propertyPath: m_LocalEulerAnglesHint.x
      value: 0
      objectReference: {fileID: 0}
    - target: {fileID: 2409690826001422527, guid: 19c16ec867359cc40ac2596aaa21d668,
        type: 3}
      propertyPath: m_LocalEulerAnglesHint.y
      value: 0
      objectReference: {fileID: 0}
    - target: {fileID: 2409690826001422527, guid: 19c16ec867359cc40ac2596aaa21d668,
        type: 3}
      propertyPath: m_LocalEulerAnglesHint.z
      value: 0
      objectReference: {fileID: 0}
    - target: {fileID: 2409690826001422527, guid: 19c16ec867359cc40ac2596aaa21d668,
        type: 3}
      propertyPath: m_LocalScale.x
      value: 2.8986712
      objectReference: {fileID: 0}
    - target: {fileID: 2409690826001422527, guid: 19c16ec867359cc40ac2596aaa21d668,
        type: 3}
      propertyPath: m_LocalScale.y
      value: 35.5378
      objectReference: {fileID: 0}
    m_RemovedComponents: []
  m_SourcePrefab: {fileID: 100100000, guid: 19c16ec867359cc40ac2596aaa21d668, type: 3}
--- !u!1001 &667794764
PrefabInstance:
  m_ObjectHideFlags: 0
  serializedVersion: 2
  m_Modification:
    m_TransformParent: {fileID: 0}
    m_Modifications:
    - target: {fileID: 1838604296408341453, guid: 41d020fce41aaad48bf4796eae853555,
        type: 3}
      propertyPath: m_Name
      value: Rocket Ship
      objectReference: {fileID: 0}
    - target: {fileID: 1838604296408341452, guid: 41d020fce41aaad48bf4796eae853555,
        type: 3}
      propertyPath: m_LocalPosition.x
      value: -37.88
      objectReference: {fileID: 0}
    - target: {fileID: 1838604296408341452, guid: 41d020fce41aaad48bf4796eae853555,
        type: 3}
      propertyPath: m_LocalPosition.y
      value: 19.49
      objectReference: {fileID: 0}
    - target: {fileID: 1838604296408341452, guid: 41d020fce41aaad48bf4796eae853555,
        type: 3}
      propertyPath: m_LocalPosition.z
      value: 0
      objectReference: {fileID: 0}
    - target: {fileID: 1838604296408341452, guid: 41d020fce41aaad48bf4796eae853555,
        type: 3}
      propertyPath: m_LocalRotation.x
      value: 0
      objectReference: {fileID: 0}
    - target: {fileID: 1838604296408341452, guid: 41d020fce41aaad48bf4796eae853555,
        type: 3}
      propertyPath: m_LocalRotation.y
      value: 0
      objectReference: {fileID: 0}
    - target: {fileID: 1838604296408341452, guid: 41d020fce41aaad48bf4796eae853555,
        type: 3}
      propertyPath: m_LocalRotation.z
      value: 0
      objectReference: {fileID: 0}
    - target: {fileID: 1838604296408341452, guid: 41d020fce41aaad48bf4796eae853555,
        type: 3}
      propertyPath: m_LocalRotation.w
      value: 1
      objectReference: {fileID: 0}
    - target: {fileID: 1838604296408341452, guid: 41d020fce41aaad48bf4796eae853555,
        type: 3}
      propertyPath: m_RootOrder
      value: 4
      objectReference: {fileID: 0}
    - target: {fileID: 1838604296408341452, guid: 41d020fce41aaad48bf4796eae853555,
        type: 3}
      propertyPath: m_LocalEulerAnglesHint.x
      value: 0
      objectReference: {fileID: 0}
    - target: {fileID: 1838604296408341452, guid: 41d020fce41aaad48bf4796eae853555,
        type: 3}
      propertyPath: m_LocalEulerAnglesHint.y
      value: 0
      objectReference: {fileID: 0}
    - target: {fileID: 1838604296408341452, guid: 41d020fce41aaad48bf4796eae853555,
        type: 3}
      propertyPath: m_LocalEulerAnglesHint.z
      value: 0
      objectReference: {fileID: 0}
    m_RemovedComponents: []
  m_SourcePrefab: {fileID: 100100000, guid: 41d020fce41aaad48bf4796eae853555, type: 3}
--- !u!4 &774860747 stripped
Transform:
  m_CorrespondingSourceObject: {fileID: 2409690826001422527, guid: 19c16ec867359cc40ac2596aaa21d668,
    type: 3}
  m_PrefabInstance: {fileID: 1303543455}
  m_PrefabAsset: {fileID: 0}
--- !u!1001 &846248816
PrefabInstance:
  m_ObjectHideFlags: 0
  serializedVersion: 2
  m_Modification:
    m_TransformParent: {fileID: 1973455398}
    m_Modifications:
    - target: {fileID: 2409690826001422499, guid: 19c16ec867359cc40ac2596aaa21d668,
        type: 3}
      propertyPath: m_Name
      value: Obstacle (5)
      objectReference: {fileID: 0}
    - target: {fileID: 2409690826001422527, guid: 19c16ec867359cc40ac2596aaa21d668,
        type: 3}
      propertyPath: m_LocalPosition.x
      value: 17.3
      objectReference: {fileID: 0}
    - target: {fileID: 2409690826001422527, guid: 19c16ec867359cc40ac2596aaa21d668,
        type: 3}
      propertyPath: m_LocalPosition.y
      value: 23.38
      objectReference: {fileID: 0}
    - target: {fileID: 2409690826001422527, guid: 19c16ec867359cc40ac2596aaa21d668,
        type: 3}
      propertyPath: m_LocalPosition.z
      value: 0
      objectReference: {fileID: 0}
    - target: {fileID: 2409690826001422527, guid: 19c16ec867359cc40ac2596aaa21d668,
        type: 3}
      propertyPath: m_LocalRotation.x
      value: 0
      objectReference: {fileID: 0}
    - target: {fileID: 2409690826001422527, guid: 19c16ec867359cc40ac2596aaa21d668,
        type: 3}
      propertyPath: m_LocalRotation.y
      value: 0
      objectReference: {fileID: 0}
    - target: {fileID: 2409690826001422527, guid: 19c16ec867359cc40ac2596aaa21d668,
        type: 3}
      propertyPath: m_LocalRotation.z
      value: -0.146601
      objectReference: {fileID: 0}
    - target: {fileID: 2409690826001422527, guid: 19c16ec867359cc40ac2596aaa21d668,
        type: 3}
      propertyPath: m_LocalRotation.w
      value: 0.98919576
      objectReference: {fileID: 0}
    - target: {fileID: 2409690826001422527, guid: 19c16ec867359cc40ac2596aaa21d668,
        type: 3}
      propertyPath: m_RootOrder
      value: 5
      objectReference: {fileID: 0}
    - target: {fileID: 2409690826001422527, guid: 19c16ec867359cc40ac2596aaa21d668,
        type: 3}
      propertyPath: m_LocalEulerAnglesHint.x
      value: 0
      objectReference: {fileID: 0}
    - target: {fileID: 2409690826001422527, guid: 19c16ec867359cc40ac2596aaa21d668,
        type: 3}
      propertyPath: m_LocalEulerAnglesHint.y
      value: 0
      objectReference: {fileID: 0}
    - target: {fileID: 2409690826001422527, guid: 19c16ec867359cc40ac2596aaa21d668,
        type: 3}
      propertyPath: m_LocalEulerAnglesHint.z
      value: -16.86
      objectReference: {fileID: 0}
    - target: {fileID: 2409690826001422527, guid: 19c16ec867359cc40ac2596aaa21d668,
        type: 3}
      propertyPath: m_LocalScale.x
      value: 2.8986712
      objectReference: {fileID: 0}
    - target: {fileID: 2409690826001422527, guid: 19c16ec867359cc40ac2596aaa21d668,
        type: 3}
      propertyPath: m_LocalScale.y
      value: 15.569
      objectReference: {fileID: 0}
    m_RemovedComponents: []
  m_SourcePrefab: {fileID: 100100000, guid: 19c16ec867359cc40ac2596aaa21d668, type: 3}
--- !u!1001 &915762411
PrefabInstance:
  m_ObjectHideFlags: 0
  serializedVersion: 2
  m_Modification:
    m_TransformParent: {fileID: 1973455398}
    m_Modifications:
    - target: {fileID: 2409690826001422499, guid: 19c16ec867359cc40ac2596aaa21d668,
        type: 3}
      propertyPath: m_Name
      value: Obstacle (4)
      objectReference: {fileID: 0}
    - target: {fileID: 2409690826001422527, guid: 19c16ec867359cc40ac2596aaa21d668,
        type: 3}
      propertyPath: m_LocalPosition.x
      value: -2.5
      objectReference: {fileID: 0}
    - target: {fileID: 2409690826001422527, guid: 19c16ec867359cc40ac2596aaa21d668,
        type: 3}
      propertyPath: m_LocalPosition.y
      value: 30.45
      objectReference: {fileID: 0}
    - target: {fileID: 2409690826001422527, guid: 19c16ec867359cc40ac2596aaa21d668,
        type: 3}
      propertyPath: m_LocalPosition.z
      value: 0
      objectReference: {fileID: 0}
    - target: {fileID: 2409690826001422527, guid: 19c16ec867359cc40ac2596aaa21d668,
        type: 3}
      propertyPath: m_LocalRotation.x
      value: 0
      objectReference: {fileID: 0}
    - target: {fileID: 2409690826001422527, guid: 19c16ec867359cc40ac2596aaa21d668,
        type: 3}
      propertyPath: m_LocalRotation.y
      value: 0
      objectReference: {fileID: 0}
    - target: {fileID: 2409690826001422527, guid: 19c16ec867359cc40ac2596aaa21d668,
        type: 3}
      propertyPath: m_LocalRotation.z
      value: 0.7071068
      objectReference: {fileID: 0}
    - target: {fileID: 2409690826001422527, guid: 19c16ec867359cc40ac2596aaa21d668,
        type: 3}
      propertyPath: m_LocalRotation.w
      value: 0.7071068
      objectReference: {fileID: 0}
    - target: {fileID: 2409690826001422527, guid: 19c16ec867359cc40ac2596aaa21d668,
        type: 3}
      propertyPath: m_RootOrder
      value: 4
      objectReference: {fileID: 0}
    - target: {fileID: 2409690826001422527, guid: 19c16ec867359cc40ac2596aaa21d668,
        type: 3}
      propertyPath: m_LocalEulerAnglesHint.x
      value: 0
      objectReference: {fileID: 0}
    - target: {fileID: 2409690826001422527, guid: 19c16ec867359cc40ac2596aaa21d668,
        type: 3}
      propertyPath: m_LocalEulerAnglesHint.y
      value: 0
      objectReference: {fileID: 0}
    - target: {fileID: 2409690826001422527, guid: 19c16ec867359cc40ac2596aaa21d668,
        type: 3}
      propertyPath: m_LocalEulerAnglesHint.z
      value: 90
      objectReference: {fileID: 0}
    - target: {fileID: 2409690826001422527, guid: 19c16ec867359cc40ac2596aaa21d668,
        type: 3}
      propertyPath: m_LocalScale.x
      value: 2.8986712
      objectReference: {fileID: 0}
    - target: {fileID: 2409690826001422527, guid: 19c16ec867359cc40ac2596aaa21d668,
        type: 3}
      propertyPath: m_LocalScale.y
      value: 92.991165
      objectReference: {fileID: 0}
    m_RemovedComponents: []
  m_SourcePrefab: {fileID: 100100000, guid: 19c16ec867359cc40ac2596aaa21d668, type: 3}
--- !u!4 &931724530 stripped
Transform:
  m_CorrespondingSourceObject: {fileID: 2409690826001422527, guid: 19c16ec867359cc40ac2596aaa21d668,
    type: 3}
  m_PrefabInstance: {fileID: 846248816}
  m_PrefabAsset: {fileID: 0}
--- !u!4 &1291720728 stripped
Transform:
  m_CorrespondingSourceObject: {fileID: 2409690826001422527, guid: 19c16ec867359cc40ac2596aaa21d668,
    type: 3}
  m_PrefabInstance: {fileID: 640580785}
  m_PrefabAsset: {fileID: 0}
--- !u!1001 &1303543455
PrefabInstance:
  m_ObjectHideFlags: 0
  serializedVersion: 2
  m_Modification:
    m_TransformParent: {fileID: 1973455398}
    m_Modifications:
    - target: {fileID: 2409690826001422499, guid: 19c16ec867359cc40ac2596aaa21d668,
        type: 3}
      propertyPath: m_Name
      value: Obstacle (1)
      objectReference: {fileID: 0}
    - target: {fileID: 2409690826001422527, guid: 19c16ec867359cc40ac2596aaa21d668,
        type: 3}
      propertyPath: m_LocalPosition.x
      value: 41.2
      objectReference: {fileID: 0}
    - target: {fileID: 2409690826001422527, guid: 19c16ec867359cc40ac2596aaa21d668,
        type: 3}
      propertyPath: m_LocalPosition.y
      value: 14.3
      objectReference: {fileID: 0}
    - target: {fileID: 2409690826001422527, guid: 19c16ec867359cc40ac2596aaa21d668,
        type: 3}
      propertyPath: m_LocalPosition.z
      value: 0
      objectReference: {fileID: 0}
    - target: {fileID: 2409690826001422527, guid: 19c16ec867359cc40ac2596aaa21d668,
        type: 3}
      propertyPath: m_LocalRotation.x
      value: -0
      objectReference: {fileID: 0}
    - target: {fileID: 2409690826001422527, guid: 19c16ec867359cc40ac2596aaa21d668,
        type: 3}
      propertyPath: m_LocalRotation.y
      value: -0
      objectReference: {fileID: 0}
    - target: {fileID: 2409690826001422527, guid: 19c16ec867359cc40ac2596aaa21d668,
        type: 3}
      propertyPath: m_LocalRotation.z
      value: -0
      objectReference: {fileID: 0}
    - target: {fileID: 2409690826001422527, guid: 19c16ec867359cc40ac2596aaa21d668,
        type: 3}
      propertyPath: m_LocalRotation.w
      value: 1
      objectReference: {fileID: 0}
    - target: {fileID: 2409690826001422527, guid: 19c16ec867359cc40ac2596aaa21d668,
        type: 3}
      propertyPath: m_RootOrder
      value: 0
      objectReference: {fileID: 0}
    - target: {fileID: 2409690826001422527, guid: 19c16ec867359cc40ac2596aaa21d668,
        type: 3}
      propertyPath: m_LocalEulerAnglesHint.x
      value: 0
      objectReference: {fileID: 0}
    - target: {fileID: 2409690826001422527, guid: 19c16ec867359cc40ac2596aaa21d668,
        type: 3}
      propertyPath: m_LocalEulerAnglesHint.y
      value: 0
      objectReference: {fileID: 0}
    - target: {fileID: 2409690826001422527, guid: 19c16ec867359cc40ac2596aaa21d668,
        type: 3}
      propertyPath: m_LocalEulerAnglesHint.z
      value: 0
      objectReference: {fileID: 0}
    - target: {fileID: 2409690826001422527, guid: 19c16ec867359cc40ac2596aaa21d668,
        type: 3}
      propertyPath: m_LocalScale.x
      value: 3.4216988
      objectReference: {fileID: 0}
    - target: {fileID: 2409690826001422527, guid: 19c16ec867359cc40ac2596aaa21d668,
        type: 3}
      propertyPath: m_LocalScale.y
      value: 35.24018
      objectReference: {fileID: 0}
    m_RemovedComponents: []
  m_SourcePrefab: {fileID: 100100000, guid: 19c16ec867359cc40ac2596aaa21d668, type: 3}
--- !u!1001 &1375335058
PrefabInstance:
  m_ObjectHideFlags: 0
  serializedVersion: 2
  m_Modification:
    m_TransformParent: {fileID: 0}
    m_Modifications:
    - target: {fileID: 5608587170083654323, guid: 36d5002082a46764297ccec9ef3855cc,
        type: 3}
      propertyPath: m_Name
      value: Landing Pad
      objectReference: {fileID: 0}
    - target: {fileID: 5608587170083654319, guid: 36d5002082a46764297ccec9ef3855cc,
        type: 3}
      propertyPath: m_LocalPosition.x
      value: 35.6
      objectReference: {fileID: 0}
    - target: {fileID: 5608587170083654319, guid: 36d5002082a46764297ccec9ef3855cc,
        type: 3}
      propertyPath: m_LocalPosition.y
      value: -0
      objectReference: {fileID: 0}
    - target: {fileID: 5608587170083654319, guid: 36d5002082a46764297ccec9ef3855cc,
        type: 3}
      propertyPath: m_LocalPosition.z
      value: 0.12075043
      objectReference: {fileID: 0}
    - target: {fileID: 5608587170083654319, guid: 36d5002082a46764297ccec9ef3855cc,
        type: 3}
      propertyPath: m_LocalRotation.x
      value: 0
      objectReference: {fileID: 0}
    - target: {fileID: 5608587170083654319, guid: 36d5002082a46764297ccec9ef3855cc,
        type: 3}
      propertyPath: m_LocalRotation.y
      value: 0
      objectReference: {fileID: 0}
    - target: {fileID: 5608587170083654319, guid: 36d5002082a46764297ccec9ef3855cc,
        type: 3}
      propertyPath: m_LocalRotation.z
      value: 0
      objectReference: {fileID: 0}
    - target: {fileID: 5608587170083654319, guid: 36d5002082a46764297ccec9ef3855cc,
        type: 3}
      propertyPath: m_LocalRotation.w
      value: 1
      objectReference: {fileID: 0}
    - target: {fileID: 5608587170083654319, guid: 36d5002082a46764297ccec9ef3855cc,
        type: 3}
      propertyPath: m_RootOrder
      value: 2
      objectReference: {fileID: 0}
    - target: {fileID: 5608587170083654319, guid: 36d5002082a46764297ccec9ef3855cc,
        type: 3}
      propertyPath: m_LocalEulerAnglesHint.x
      value: 0
      objectReference: {fileID: 0}
    - target: {fileID: 5608587170083654319, guid: 36d5002082a46764297ccec9ef3855cc,
        type: 3}
      propertyPath: m_LocalEulerAnglesHint.y
      value: 0
      objectReference: {fileID: 0}
    - target: {fileID: 5608587170083654319, guid: 36d5002082a46764297ccec9ef3855cc,
        type: 3}
      propertyPath: m_LocalEulerAnglesHint.z
      value: 0
      objectReference: {fileID: 0}
    m_RemovedComponents: []
  m_SourcePrefab: {fileID: 100100000, guid: 36d5002082a46764297ccec9ef3855cc, type: 3}
--- !u!1001 &1413776919
PrefabInstance:
  m_ObjectHideFlags: 0
  serializedVersion: 2
  m_Modification:
    m_TransformParent: {fileID: 1973455398}
    m_Modifications:
    - target: {fileID: 2409690826001422499, guid: 19c16ec867359cc40ac2596aaa21d668,
        type: 3}
      propertyPath: m_Name
      value: Obstacle (6)
      objectReference: {fileID: 0}
    - target: {fileID: 2409690826001422527, guid: 19c16ec867359cc40ac2596aaa21d668,
        type: 3}
      propertyPath: m_LocalPosition.x
      value: -3.38
      objectReference: {fileID: 0}
    - target: {fileID: 2409690826001422527, guid: 19c16ec867359cc40ac2596aaa21d668,
        type: 3}
      propertyPath: m_LocalPosition.y
      value: 9.02
      objectReference: {fileID: 0}
    - target: {fileID: 2409690826001422527, guid: 19c16ec867359cc40ac2596aaa21d668,
        type: 3}
      propertyPath: m_LocalPosition.z
      value: 0
      objectReference: {fileID: 0}
    - target: {fileID: 2409690826001422527, guid: 19c16ec867359cc40ac2596aaa21d668,
        type: 3}
      propertyPath: m_LocalRotation.x
      value: -0
      objectReference: {fileID: 0}
    - target: {fileID: 2409690826001422527, guid: 19c16ec867359cc40ac2596aaa21d668,
        type: 3}
      propertyPath: m_LocalRotation.y
      value: -0
      objectReference: {fileID: 0}
    - target: {fileID: 2409690826001422527, guid: 19c16ec867359cc40ac2596aaa21d668,
        type: 3}
      propertyPath: m_LocalRotation.z
      value: -0
      objectReference: {fileID: 0}
    - target: {fileID: 2409690826001422527, guid: 19c16ec867359cc40ac2596aaa21d668,
        type: 3}
      propertyPath: m_LocalRotation.w
      value: 1
      objectReference: {fileID: 0}
    - target: {fileID: 2409690826001422527, guid: 19c16ec867359cc40ac2596aaa21d668,
        type: 3}
      propertyPath: m_RootOrder
      value: 3
      objectReference: {fileID: 0}
    - target: {fileID: 2409690826001422527, guid: 19c16ec867359cc40ac2596aaa21d668,
        type: 3}
      propertyPath: m_LocalEulerAnglesHint.x
      value: 0
      objectReference: {fileID: 0}
    - target: {fileID: 2409690826001422527, guid: 19c16ec867359cc40ac2596aaa21d668,
        type: 3}
      propertyPath: m_LocalEulerAnglesHint.y
      value: 0
      objectReference: {fileID: 0}
    - target: {fileID: 2409690826001422527, guid: 19c16ec867359cc40ac2596aaa21d668,
        type: 3}
      propertyPath: m_LocalEulerAnglesHint.z
      value: 0
      objectReference: {fileID: 0}
    - target: {fileID: 2409690826001422527, guid: 19c16ec867359cc40ac2596aaa21d668,
        type: 3}
      propertyPath: m_LocalScale.x
      value: 10.31
      objectReference: {fileID: 0}
    - target: {fileID: 2409690826001422527, guid: 19c16ec867359cc40ac2596aaa21d668,
        type: 3}
      propertyPath: m_LocalScale.y
      value: 22.796131
      objectReference: {fileID: 0}
    m_RemovedComponents: []
  m_SourcePrefab: {fileID: 100100000, guid: 19c16ec867359cc40ac2596aaa21d668, type: 3}
--- !u!4 &1621252864 stripped
Transform:
  m_CorrespondingSourceObject: {fileID: 2409690826001422527, guid: 19c16ec867359cc40ac2596aaa21d668,
    type: 3}
  m_PrefabInstance: {fileID: 1961847973}
  m_PrefabAsset: {fileID: 0}
--- !u!1001 &1961847973
PrefabInstance:
  m_ObjectHideFlags: 0
  serializedVersion: 2
  m_Modification:
    m_TransformParent: {fileID: 1973455398}
    m_Modifications:
    - target: {fileID: 2409690826001422499, guid: 19c16ec867359cc40ac2596aaa21d668,
        type: 3}
      propertyPath: m_Name
      value: Obstacle (3)
      objectReference: {fileID: 0}
    - target: {fileID: 2409690826001422527, guid: 19c16ec867359cc40ac2596aaa21d668,
        type: 3}
      propertyPath: m_LocalPosition.x
      value: -20.92
      objectReference: {fileID: 0}
    - target: {fileID: 2409690826001422527, guid: 19c16ec867359cc40ac2596aaa21d668,
        type: 3}
      propertyPath: m_LocalPosition.y
      value: 22.53
      objectReference: {fileID: 0}
    - target: {fileID: 2409690826001422527, guid: 19c16ec867359cc40ac2596aaa21d668,
        type: 3}
      propertyPath: m_LocalPosition.z
      value: 0
      objectReference: {fileID: 0}
    - target: {fileID: 2409690826001422527, guid: 19c16ec867359cc40ac2596aaa21d668,
        type: 3}
      propertyPath: m_LocalRotation.x
      value: -0
      objectReference: {fileID: 0}
    - target: {fileID: 2409690826001422527, guid: 19c16ec867359cc40ac2596aaa21d668,
        type: 3}
      propertyPath: m_LocalRotation.y
      value: -0
      objectReference: {fileID: 0}
    - target: {fileID: 2409690826001422527, guid: 19c16ec867359cc40ac2596aaa21d668,
        type: 3}
      propertyPath: m_LocalRotation.z
      value: -0
      objectReference: {fileID: 0}
    - target: {fileID: 2409690826001422527, guid: 19c16ec867359cc40ac2596aaa21d668,
        type: 3}
      propertyPath: m_LocalRotation.w
      value: 1
      objectReference: {fileID: 0}
    - target: {fileID: 2409690826001422527, guid: 19c16ec867359cc40ac2596aaa21d668,
        type: 3}
      propertyPath: m_RootOrder
      value: 1
      objectReference: {fileID: 0}
    - target: {fileID: 2409690826001422527, guid: 19c16ec867359cc40ac2596aaa21d668,
        type: 3}
      propertyPath: m_LocalEulerAnglesHint.x
      value: 0
      objectReference: {fileID: 0}
    - target: {fileID: 2409690826001422527, guid: 19c16ec867359cc40ac2596aaa21d668,
        type: 3}
      propertyPath: m_LocalEulerAnglesHint.y
      value: 0
      objectReference: {fileID: 0}
    - target: {fileID: 2409690826001422527, guid: 19c16ec867359cc40ac2596aaa21d668,
        type: 3}
      propertyPath: m_LocalEulerAnglesHint.z
      value: 0
      objectReference: {fileID: 0}
    - target: {fileID: 2409690826001422527, guid: 19c16ec867359cc40ac2596aaa21d668,
        type: 3}
      propertyPath: m_LocalScale.x
      value: 2.8986712
      objectReference: {fileID: 0}
    - target: {fileID: 2409690826001422527, guid: 19c16ec867359cc40ac2596aaa21d668,
        type: 3}
      propertyPath: m_LocalScale.y
      value: 22.796131
      objectReference: {fileID: 0}
    m_RemovedComponents: []
  m_SourcePrefab: {fileID: 100100000, guid: 19c16ec867359cc40ac2596aaa21d668, type: 3}
--- !u!1 &1973455397
GameObject:
  m_ObjectHideFlags: 0
  m_CorrespondingSourceObject: {fileID: 0}
  m_PrefabInstance: {fileID: 0}
  m_PrefabAsset: {fileID: 0}
  serializedVersion: 6
  m_Component:
  - component: {fileID: 1973455398}
  m_Layer: 0
  m_Name: Terrain Obstacles
  m_TagString: Untagged
  m_Icon: {fileID: 0}
  m_NavMeshLayer: 0
  m_StaticEditorFlags: 0
  m_IsActive: 1
--- !u!4 &1973455398
Transform:
  m_ObjectHideFlags: 0
  m_CorrespondingSourceObject: {fileID: 0}
  m_PrefabInstance: {fileID: 0}
  m_PrefabAsset: {fileID: 0}
  m_GameObject: {fileID: 1973455397}
  m_LocalRotation: {x: 0, y: 0, z: 0, w: 1}
  m_LocalPosition: {x: 0, y: 0, z: 0}
  m_LocalScale: {x: 1, y: 1, z: 1}
  m_Children:
  - {fileID: 774860747}
  - {fileID: 1621252864}
  - {fileID: 1291720728}
  - {fileID: 379655977}
  - {fileID: 327904181}
  - {fileID: 931724530}
  m_Father: {fileID: 0}
  m_RootOrder: 7
  m_LocalEulerAnglesHint: {x: 0, y: 0, z: 0}
--- !u!1001 &88344265453605437
PrefabInstance:
  m_ObjectHideFlags: 0
  serializedVersion: 2
  m_Modification:
    m_TransformParent: {fileID: 0}
    m_Modifications:
    - target: {fileID: 88344265623418880, guid: 7350a067f6816564f8ffecc5037decaa,
        type: 3}
      propertyPath: m_Name
      value: Directional Light
      objectReference: {fileID: 0}
    - target: {fileID: 88344265623418882, guid: 7350a067f6816564f8ffecc5037decaa,
        type: 3}
      propertyPath: m_LocalPosition.x
      value: 0
      objectReference: {fileID: 0}
    - target: {fileID: 88344265623418882, guid: 7350a067f6816564f8ffecc5037decaa,
        type: 3}
      propertyPath: m_LocalPosition.y
      value: 40
      objectReference: {fileID: 0}
    - target: {fileID: 88344265623418882, guid: 7350a067f6816564f8ffecc5037decaa,
        type: 3}
      propertyPath: m_LocalPosition.z
      value: 0
      objectReference: {fileID: 0}
    - target: {fileID: 88344265623418882, guid: 7350a067f6816564f8ffecc5037decaa,
        type: 3}
      propertyPath: m_LocalRotation.x
      value: 0.40821788
      objectReference: {fileID: 0}
    - target: {fileID: 88344265623418882, guid: 7350a067f6816564f8ffecc5037decaa,
        type: 3}
      propertyPath: m_LocalRotation.y
      value: -0.23456968
      objectReference: {fileID: 0}
    - target: {fileID: 88344265623418882, guid: 7350a067f6816564f8ffecc5037decaa,
        type: 3}
      propertyPath: m_LocalRotation.z
      value: 0.10938163
      objectReference: {fileID: 0}
    - target: {fileID: 88344265623418882, guid: 7350a067f6816564f8ffecc5037decaa,
        type: 3}
      propertyPath: m_LocalRotation.w
      value: 0.8754261
      objectReference: {fileID: 0}
    - target: {fileID: 88344265623418882, guid: 7350a067f6816564f8ffecc5037decaa,
        type: 3}
      propertyPath: m_RootOrder
      value: 1
      objectReference: {fileID: 0}
    - target: {fileID: 88344265623418882, guid: 7350a067f6816564f8ffecc5037decaa,
        type: 3}
      propertyPath: m_LocalEulerAnglesHint.x
      value: 50
      objectReference: {fileID: 0}
    - target: {fileID: 88344265623418882, guid: 7350a067f6816564f8ffecc5037decaa,
        type: 3}
      propertyPath: m_LocalEulerAnglesHint.y
      value: -30
      objectReference: {fileID: 0}
    - target: {fileID: 88344265623418882, guid: 7350a067f6816564f8ffecc5037decaa,
        type: 3}
      propertyPath: m_LocalEulerAnglesHint.z
      value: 0
      objectReference: {fileID: 0}
    m_RemovedComponents: []
  m_SourcePrefab: {fileID: 100100000, guid: 7350a067f6816564f8ffecc5037decaa, type: 3}
--- !u!1001 &1597978999738700971
PrefabInstance:
  m_ObjectHideFlags: 0
  serializedVersion: 2
  m_Modification:
    m_TransformParent: {fileID: 0}
    m_Modifications:
    - target: {fileID: 1597978999809375973, guid: d0ddb84496468d04b93b02f260d61615,
        type: 3}
      propertyPath: m_Name
      value: Main Camera
      objectReference: {fileID: 0}
    - target: {fileID: 1597978999809375994, guid: d0ddb84496468d04b93b02f260d61615,
        type: 3}
      propertyPath: m_LocalPosition.x
      value: -2.9797127
      objectReference: {fileID: 0}
    - target: {fileID: 1597978999809375994, guid: d0ddb84496468d04b93b02f260d61615,
        type: 3}
      propertyPath: m_LocalPosition.y
      value: 20.65052
      objectReference: {fileID: 0}
    - target: {fileID: 1597978999809375994, guid: d0ddb84496468d04b93b02f260d61615,
        type: 3}
      propertyPath: m_LocalPosition.z
      value: -40.513153
      objectReference: {fileID: 0}
    - target: {fileID: 1597978999809375994, guid: d0ddb84496468d04b93b02f260d61615,
        type: 3}
      propertyPath: m_LocalRotation.x
      value: -0.12300143
      objectReference: {fileID: 0}
    - target: {fileID: 1597978999809375994, guid: d0ddb84496468d04b93b02f260d61615,
        type: 3}
      propertyPath: m_LocalRotation.y
      value: -0.002374404
      objectReference: {fileID: 0}
    - target: {fileID: 1597978999809375994, guid: d0ddb84496468d04b93b02f260d61615,
        type: 3}
      propertyPath: m_LocalRotation.z
      value: 0.0002954109
      objectReference: {fileID: 0}
    - target: {fileID: 1597978999809375994, guid: d0ddb84496468d04b93b02f260d61615,
        type: 3}
      propertyPath: m_LocalRotation.w
      value: -0.9924037
      objectReference: {fileID: 0}
    - target: {fileID: 1597978999809375994, guid: d0ddb84496468d04b93b02f260d61615,
        type: 3}
      propertyPath: m_RootOrder
      value: 0
      objectReference: {fileID: 0}
    - target: {fileID: 1597978999809375994, guid: d0ddb84496468d04b93b02f260d61615,
        type: 3}
      propertyPath: m_LocalEulerAnglesHint.x
      value: 3.841
      objectReference: {fileID: 0}
    - target: {fileID: 1597978999809375994, guid: d0ddb84496468d04b93b02f260d61615,
        type: 3}
      propertyPath: m_LocalEulerAnglesHint.y
      value: 0
      objectReference: {fileID: 0}
    - target: {fileID: 1597978999809375994, guid: d0ddb84496468d04b93b02f260d61615,
        type: 3}
      propertyPath: m_LocalEulerAnglesHint.z
      value: 0
      objectReference: {fileID: 0}
    m_RemovedComponents: []
  m_SourcePrefab: {fileID: 100100000, guid: d0ddb84496468d04b93b02f260d61615, type: 3}
--- !u!1001 &5077028552023609521
PrefabInstance:
  m_ObjectHideFlags: 0
  serializedVersion: 2
  m_Modification:
    m_TransformParent: {fileID: 0}
    m_Modifications:
    - target: {fileID: 5077028553067061500, guid: 7b1467462ac28f64f933c2e73d57304e,
        type: 3}
      propertyPath: m_Name
      value: Launch Pad
      objectReference: {fileID: 0}
    - target: {fileID: 5077028553067061472, guid: 7b1467462ac28f64f933c2e73d57304e,
        type: 3}
      propertyPath: m_LocalPosition.x
      value: -38.5
      objectReference: {fileID: 0}
    - target: {fileID: 5077028553067061472, guid: 7b1467462ac28f64f933c2e73d57304e,
        type: 3}
      propertyPath: m_LocalPosition.y
      value: 17.76
      objectReference: {fileID: 0}
    - target: {fileID: 5077028553067061472, guid: 7b1467462ac28f64f933c2e73d57304e,
        type: 3}
      propertyPath: m_LocalPosition.z
      value: 0
      objectReference: {fileID: 0}
    - target: {fileID: 5077028553067061472, guid: 7b1467462ac28f64f933c2e73d57304e,
        type: 3}
      propertyPath: m_LocalRotation.x
      value: 0
      objectReference: {fileID: 0}
    - target: {fileID: 5077028553067061472, guid: 7b1467462ac28f64f933c2e73d57304e,
        type: 3}
      propertyPath: m_LocalRotation.y
      value: 0
      objectReference: {fileID: 0}
    - target: {fileID: 5077028553067061472, guid: 7b1467462ac28f64f933c2e73d57304e,
        type: 3}
      propertyPath: m_LocalRotation.z
      value: 0
      objectReference: {fileID: 0}
    - target: {fileID: 5077028553067061472, guid: 7b1467462ac28f64f933c2e73d57304e,
        type: 3}
      propertyPath: m_LocalRotation.w
      value: 1
      objectReference: {fileID: 0}
    - target: {fileID: 5077028553067061472, guid: 7b1467462ac28f64f933c2e73d57304e,
        type: 3}
      propertyPath: m_RootOrder
      value: 2
      objectReference: {fileID: 0}
    - target: {fileID: 5077028553067061472, guid: 7b1467462ac28f64f933c2e73d57304e,
        type: 3}
      propertyPath: m_LocalEulerAnglesHint.x
      value: 0
      objectReference: {fileID: 0}
    - target: {fileID: 5077028553067061472, guid: 7b1467462ac28f64f933c2e73d57304e,
        type: 3}
      propertyPath: m_LocalEulerAnglesHint.y
      value: 0
      objectReference: {fileID: 0}
    - target: {fileID: 5077028553067061472, guid: 7b1467462ac28f64f933c2e73d57304e,
        type: 3}
      propertyPath: m_LocalEulerAnglesHint.z
      value: 0
      objectReference: {fileID: 0}
    - target: {fileID: 5077028553067061472, guid: 7b1467462ac28f64f933c2e73d57304e,
        type: 3}
      propertyPath: m_LocalScale.x
      value: 9.4888
      objectReference: {fileID: 0}
    - target: {fileID: 5077028553067061472, guid: 7b1467462ac28f64f933c2e73d57304e,
        type: 3}
      propertyPath: m_LocalScale.z
      value: 4.6516
      objectReference: {fileID: 0}
    - target: {fileID: 5077028553067061502, guid: 7b1467462ac28f64f933c2e73d57304e,
        type: 3}
      propertyPath: m_Materials.Array.data[0]
      value: 
      objectReference: {fileID: 2100000, guid: 1879ffa90b3fa9646aeeacb047ffe550, type: 2}
    m_RemovedComponents: []
  m_SourcePrefab: {fileID: 100100000, guid: 7b1467462ac28f64f933c2e73d57304e, type: 3}
--- !u!1001 &6589529007560179683
PrefabInstance:
  m_ObjectHideFlags: 0
  serializedVersion: 2
  m_Modification:
    m_TransformParent: {fileID: 0}
    m_Modifications:
    - target: {fileID: 4981545070439732412, guid: 47f10878b946558479d60f40d6b27695,
        type: 3}
      propertyPath: m_Name
      value: Terrain
      objectReference: {fileID: 0}
    - target: {fileID: 3776782673388170334, guid: 47f10878b946558479d60f40d6b27695,
        type: 3}
      propertyPath: m_LocalPosition.x
      value: 0
      objectReference: {fileID: 0}
    - target: {fileID: 3776782673388170334, guid: 47f10878b946558479d60f40d6b27695,
        type: 3}
      propertyPath: m_LocalPosition.y
      value: -15
      objectReference: {fileID: 0}
    - target: {fileID: 3776782673388170334, guid: 47f10878b946558479d60f40d6b27695,
        type: 3}
      propertyPath: m_LocalPosition.z
      value: 0
      objectReference: {fileID: 0}
    - target: {fileID: 3776782673388170334, guid: 47f10878b946558479d60f40d6b27695,
        type: 3}
      propertyPath: m_LocalRotation.x
      value: 0
      objectReference: {fileID: 0}
    - target: {fileID: 3776782673388170334, guid: 47f10878b946558479d60f40d6b27695,
        type: 3}
      propertyPath: m_LocalRotation.y
      value: 0
      objectReference: {fileID: 0}
    - target: {fileID: 3776782673388170334, guid: 47f10878b946558479d60f40d6b27695,
        type: 3}
      propertyPath: m_LocalRotation.z
      value: 0
      objectReference: {fileID: 0}
    - target: {fileID: 3776782673388170334, guid: 47f10878b946558479d60f40d6b27695,
        type: 3}
      propertyPath: m_LocalRotation.w
      value: 1
      objectReference: {fileID: 0}
    - target: {fileID: 3776782673388170334, guid: 47f10878b946558479d60f40d6b27695,
        type: 3}
      propertyPath: m_RootOrder
      value: 3
      objectReference: {fileID: 0}
    - target: {fileID: 3776782673388170334, guid: 47f10878b946558479d60f40d6b27695,
        type: 3}
      propertyPath: m_LocalEulerAnglesHint.x
      value: 0
      objectReference: {fileID: 0}
    - target: {fileID: 3776782673388170334, guid: 47f10878b946558479d60f40d6b27695,
        type: 3}
      propertyPath: m_LocalEulerAnglesHint.y
      value: 0
      objectReference: {fileID: 0}
    - target: {fileID: 3776782673388170334, guid: 47f10878b946558479d60f40d6b27695,
        type: 3}
      propertyPath: m_LocalEulerAnglesHint.z
      value: 0
      objectReference: {fileID: 0}
    m_RemovedComponents: []
  m_SourcePrefab: {fileID: 100100000, guid: 47f10878b946558479d60f40d6b27695, type: 3}
--- !u!1001 &9203153241372823590
PrefabInstance:
  m_ObjectHideFlags: 0
  serializedVersion: 2
  m_Modification:
    m_TransformParent: {fileID: 0}
    m_Modifications:
    - target: {fileID: 9203153241834967897, guid: 36d3f015764c2bf4b96ad703e7cfcd66,
        type: 3}
      propertyPath: m_Name
      value: Backdrop
      objectReference: {fileID: 0}
    - target: {fileID: 9203153241834967973, guid: 36d3f015764c2bf4b96ad703e7cfcd66,
        type: 3}
      propertyPath: m_LocalPosition.x
      value: 0
      objectReference: {fileID: 0}
    - target: {fileID: 9203153241834967973, guid: 36d3f015764c2bf4b96ad703e7cfcd66,
        type: 3}
      propertyPath: m_LocalPosition.y
      value: 14.73
      objectReference: {fileID: 0}
    - target: {fileID: 9203153241834967973, guid: 36d3f015764c2bf4b96ad703e7cfcd66,
        type: 3}
      propertyPath: m_LocalPosition.z
      value: 16.4
      objectReference: {fileID: 0}
    - target: {fileID: 9203153241834967973, guid: 36d3f015764c2bf4b96ad703e7cfcd66,
        type: 3}
      propertyPath: m_LocalRotation.x
      value: 0
      objectReference: {fileID: 0}
    - target: {fileID: 9203153241834967973, guid: 36d3f015764c2bf4b96ad703e7cfcd66,
        type: 3}
      propertyPath: m_LocalRotation.y
      value: 0
      objectReference: {fileID: 0}
    - target: {fileID: 9203153241834967973, guid: 36d3f015764c2bf4b96ad703e7cfcd66,
        type: 3}
      propertyPath: m_LocalRotation.z
      value: 0
      objectReference: {fileID: 0}
    - target: {fileID: 9203153241834967973, guid: 36d3f015764c2bf4b96ad703e7cfcd66,
        type: 3}
      propertyPath: m_LocalRotation.w
      value: 1
      objectReference: {fileID: 0}
    - target: {fileID: 9203153241834967973, guid: 36d3f015764c2bf4b96ad703e7cfcd66,
        type: 3}
      propertyPath: m_RootOrder
      value: 5
      objectReference: {fileID: 0}
    - target: {fileID: 9203153241834967973, guid: 36d3f015764c2bf4b96ad703e7cfcd66,
        type: 3}
      propertyPath: m_LocalEulerAnglesHint.x
      value: 0
      objectReference: {fileID: 0}
    - target: {fileID: 9203153241834967973, guid: 36d3f015764c2bf4b96ad703e7cfcd66,
        type: 3}
      propertyPath: m_LocalEulerAnglesHint.y
      value: 0
      objectReference: {fileID: 0}
    - target: {fileID: 9203153241834967973, guid: 36d3f015764c2bf4b96ad703e7cfcd66,
        type: 3}
      propertyPath: m_LocalEulerAnglesHint.z
      value: 0
      objectReference: {fileID: 0}
    m_RemovedComponents: []
  m_SourcePrefab: {fileID: 100100000, guid: 36d3f015764c2bf4b96ad703e7cfcd66, type: 3}
